@article{Tsai1987,
  title={A versatile camera calibration technique for high-accuracy 3D machine vision metrology using off-the-shelf TV cameras and lenses},
  author={Tsai, Roger Y},
  journal={Robotics and Automation, IEEE Journal of},
  volume={3},
  number={4},
  pages={323--344},
  year={1987},
  publisher={IEEE}
}

@article{Markley2007,
  title={Survey of nonlinear attitude estimation methods},
  author={Crassidis, John L and Markley, F Landis and Cheng, Yang},
  journal={Journal of guidance, control, and dynamics},
  volume={30},
  number={1},
  pages={12--28},
  year={2007}
}

@article{Shuster1982,
  title={Kalman filtering for spacecraft attitude estimation},
  author={Lefferts, Ern J and Markley, F Landis and Shuster, Malcolm D},
  journal={Journal of Guidance, Control, and Dynamics},
  volume={5},
  number={5},
  pages={417--429},
  year={1982}
}

@book{Lewis2007,
  title={Optimal and robust estimation: with an introduction to stochastic control theory},
  author={Lewis, Frank L and Xie, Lihua and Popa, Dan},
  volume={29},
  year={2007},
  publisher={CRC press}
}

@article{Shuster2004,
  title={Deterministic three-axis attitude determination},
  author={Shuster, Malcolm D},
  journal={Journal of Astronautical Sciences},
  volume={52},
  number={3},
  pages={405--419},
  year={2004}
}

@misc{Bloomberg-01-13,
  author = {Julie Verhage},
  title = {{Goldman Sachs Has Four Charts Showing the Huge Potential in Virtual and Augmented Reality}},
  year = 2016,
  howpublished = {\url{http://www.bloomberg.com/news/articles/2016-01-13/goldman-sachs-has-four-charts-showing-the-huge-potential-in-virtual-and-augmented-reality}},
  note = {Accessed: 2016-03-19},
}

@inproceedings{bradski1998,
  title={Real time face and object tracking as a component of a perceptual user interface},
  author={Bradski, Gary R},
  booktitle={Applications of Computer Vision, 1998. WACV'98. Proceedings., Fourth IEEE Workshop on},
  pages={214--219},
  year={1998},
  organization={IEEE}
}

@article{flash1985,
  title={The coordination of arm movements: an experimentally confirmed mathematical model},
  author={Flash, Tamar and Hogan, Neville},
  journal={The journal of Neuroscience},
  volume={5},
  number={7},
  pages={1688--1703},
  year={1985},
  publisher={Soc Neuroscience}
}

@article{haralick1996,
  title={Propagating covariance in computer vision},
  author={Haralick, Robert M},
  journal={International journal of pattern recognition and artificial intelligence},
  volume={10},
  number={05},
  pages={561--572},
  year={1996},
  publisher={World Scientific}
}

@misc{BNO055datasheet,
  author = {Bosch Sensortec},
  title = {{BNO055: Intelligent 9-axis absolute orientation sensor}},
  year = 2014,
  howpublished = {\url{https://www.adafruit.com/datasheets/BST_BNO055_DS000_12.pdf}},
  note = {Accessed: 2016-01-28},
}

